@book{darwin2009origen,
  title={El origen de las especies por medio de la selecci{\'o}n natural},
  author={Darwin, Charles},
  year={2009},
  publisher={Editorial CSIC-CSIC Press}
}

@book{del1984luces,
	title={Luces de bohemia},
	author={del Valle-Incl{\'a}n, Ram{\'o}n},
	year={1984},
	publisher={Direcci{\'o}n General de M{\'u}sica y Teatro}
}